@Manual{Boettiger_2017,
  title = {knitcitations: Citations for 'Knitr' Markdown Files},
  author = {Carl Boettiger},
  year = {2017},
  note = {R package version 1.0.8},
  url = {https://CRAN.R-project.org/package=knitcitations},
}

@Misc{greycite380215,
  url = {https://theconversation.com/artificial-intelligence-holds-great-potential-for-both-students-and-teachers-but-only-if-used-wisely-81024},
  canonicaluri = {\url{http://theconversation.com/artificial-intelligence-holds-great-potential-for-both-students-and-teachers-but-only-if-used-wisely-81024}},
  title = {Artificial intelligence holds great potential for both students and teachers \&ndash; but only if used wisely},
  journal = {The Conversation},
  howpublished = {\url{http://theconversation.com/artificial-intelligence-holds-great-potential-for-both-students-and-teachers-but-only-if-used-wisely-81024}},
  author = {Simon Knight and Simon Buckingham Shum},
  archived = {http://greycite.knowledgeblog.org/?uri=https%3A%2F%2Ftheconversation.com%2Fartificial-intelligence-holds-great-potential-for-both-students-and-teachers-but-only-if-used-wisely-81024},
  year = {2020},
}

@Article{Halpern_2006,
  doi = {10.1111/j.1461-0248.2005.00827.x},
  url = {https://doi.org/10.1111/j.1461-0248.2005.00827.x},
  year = {2006},
  month = {jan},
  publisher = {Wiley},
  volume = {9},
  number = {1},
  pages = {2--11},
  author = {Benjamin S. Halpern and Helen M. Regan and Hugh P. Possingham and Michael A. McCarthy},
  title = {Accounting for uncertainty in marine reserve design},
  journal = {Ecology Letters},
}

@Article{Keil_2012,
  doi = {10.1111/j.2041-210x.2012.00264.x},
  url = {https://doi.org/10.1111/j.2041-210x.2012.00264.x},
  year = {2012},
  month = {nov},
  publisher = {Wiley},
  volume = {4},
  number = {1},
  pages = {82--94},
  author = {Petr Keil and Jonathan Belmaker and Adam M. Wilson and Philip Unitt and Walter Jetz},
  editor = {Robert Freckleton},
  title = {Downscaling of species distribution models: <U+2028>a hierarchical approach},
  journal = {Methods in Ecology and Evolution},
}

@Manual{R_Core_Team_2018,
  title = {R: A Language and Environment for Statistical Computing},
  author = {{R Core Team}},
  organization = {R Foundation for Statistical Computing},
  address = {Vienna, Austria},
  year = {2018},
  url = {https://www.R-project.org/},
}

@misc{
  absAdultLiteracy2009,
  title={Adult Literacy},
  url={https://www.abs.gov.au/AUSSTATS/abs@.nsf/Lookup/4102.0Chapter6102008},
  note={00000},
  author={ABS},
year={2009} }
